\usepackage[style=alphabetic,maxnames=4,minnames=3,maxbibnames=99]{biblatex}

@article{liu2023backdoor,
  title   = {Backdoor attacks against dataset distillation},
  author  = {Liu, Yugeng and Li, Zheng and Backes, Michael and Shen, Yun and Zhang, Yang},
  journal = {arXiv preprint arXiv:2301.01197},
  year    = {2023}
}

@article{du2024sequential,
  title   = {Sequential subset matching for dataset distillation},
  author  = {Du, Jiawei and Shi, Qin and Zhou, Joey Tianyi},
  journal = {Advances in Neural Information Processing Systems},
  volume  = {36},
  year    = {2024}
}
